<marc:record xmlns:marc="http://www.loc.gov/MARC21/slim" xmlns:xsi="http://www.w3.org/2001/XMLSchema-instance" xsi:schemaLocation="http://www.loc.gov/MARC21/slim http://www.loc.gov/standards/marcxml/schema/MARC21slim.xsd">
<marc:leader>00401nim a2200157 a 45 0</marc:leader>
<marc:controlfield tag="001">1009195</marc:controlfield>
<marc:controlfield tag="003">NL-AMISG</marc:controlfield>
<marc:controlfield tag="005">19990201143859.0</marc:controlfield>
<marc:controlfield tag="008">199902suuuuuuuu||||||||||||||||||||dut d</marc:controlfield>
<marc:datafield ind1=" " ind2=" " tag="035">
	<marc:subfield code="a">(IISG)IISGb10821925</marc:subfield>
</marc:datafield>
<marc:datafield ind1=" " ind2=" " tag="040">
	<marc:subfield code="a">NL-AmISG</marc:subfield>
</marc:datafield>
<marc:datafield ind1="0" ind2=" " tag="041">
	<marc:subfield code="a">dut</marc:subfield>
</marc:datafield>
<marc:datafield ind1="1" ind2=" " tag="100">
	<marc:subfield code="a">Uyl, Joop den.</marc:subfield>
	<marc:subfield code="0">(NL-AMISG)327929</marc:subfield>
</marc:datafield>
<marc:datafield ind1="1" ind2="0" tag="245">
	<marc:subfield code="k">Geluidsdocument = Sound document.</marc:subfield>
</marc:datafield>
<marc:datafield ind1=" " ind2=" " tag="260">
	<marc:subfield code="c">1981, 3 mei.</marc:subfield>
</marc:datafield>
<marc:datafield ind1=" " ind2=" " tag="500">
	<marc:subfield code="a">Den Uyl spreekt in Paradiso.</marc:subfield>
</marc:datafield>
<marc:datafield ind1=" " ind2="4" tag="655">
	<marc:subfield code="a">Audio cassette.</marc:subfield>
	<marc:subfield code="0">(NL-AMISG)108021</marc:subfield>
</marc:datafield>
<marc:datafield ind1="4" ind2=" " tag="852">
	<marc:subfield code="a">IISG</marc:subfield>
	<marc:subfield code="b">IISG</marc:subfield>
	<marc:subfield code="c">IISG</marc:subfield>
	<marc:subfield code="j">BG GC3/676-7</marc:subfield>
	<marc:subfield code="n">Available</marc:subfield>
	<marc:subfield code="p">N10593769</marc:subfield>
</marc:datafield>
<marc:datafield ind1=" " ind2=" " tag="901">
	<marc:subfield code="a">1009195</marc:subfield>
	<marc:subfield code="b">Unknown</marc:subfield>
	<marc:subfield code="c">1009195</marc:subfield>
	<marc:subfield code="t">biblio</marc:subfield>
</marc:datafield>
<marc:datafield ind1=" " ind2=" " tag="902">
	<marc:subfield code="a">10622/197C7026-A71A-432A-9427-C968006A423C</marc:subfield>
</marc:datafield>
</marc:record>